%Book
@inbook{hadoop12,
author = {Tom White},
title = {Hadoop: The Definitive Guide[M]},
address = {USA},
publisher = {O'Reilly Media},
year = {2012},
month = {May},
pages = {17-80}
}
@inbook {jsgood,
author = {Douglas Crockford},
title = {JavaScript: The Good Parts[M]},
address = {USA},
publisher = {O'Reilly Media}, 
year = {2008},
month = {Aug},
pages = {1-147}
}
@inbook {ajax,
author = {Anthony T. Holdener III},
title = {Ajax: The Definitive Guide[M]},
address = {USA},
publisher = {O'Reilly Media}, 
year = {2008},
month = {Jan},
pages = {112-331}
}
@inbook {gae,
author = {Dan Sanderson},
title = {Programming Google App Engine[M]},
address = {USA},
publisher = {O'Reilly Media}, 
year = {2012},
month = {Oct},
pages = {129-244}
}
@inbook {jquery,
author = {David Flanagan},
title = {jQuery Pocket Reference[M]},
address = {USA},
publisher = {O'Reilly Media}, 
year = {2010},
month = {Dec},
pages = {1-150}
}
@inbook {jquery-ui,
author = {Eric Sarrion},
title = {jQuery UI[M]},
address = {USA},
publisher = {O'Reilly Media}, 
year = {2012},
month = {Mar},
pages = {1-213}
}
@inbook {d3-book,
author = {Scott Murray},
title = {Interactive Data Visualization for the Web[M]},
address = {USA},
publisher = {O'Reilly Media}, 
year = {2013},
month = {Mar},
pages = {1-110}
}
@inbook {http,
author = {David Gourley and Brian Totty and Marjorie Sayer and Anshu Aggarwal and Sailu Reddy},
title = {HTTP: The Definitive Guide[M]},
address = {USA},
publisher = {O'Reilly Media}, 
year = {2002},
month = {Sep},
pages = {102-413}
}
@inbook {database,
author = {Abraham Silberschatz and Henry F. Korth and S. Sudarshan},
title = {Database System Concepts, Sixth Edition[M]},
address = {USA},
publisher = {McGraw-Hill},
year = {2010},
pages = {257-426}
}
@inbook {servlet,
author = {Jason Hunter},
title = {Java Servlet Programming, 2nd Edition[M]},
address  = {USA},
publisher = {O'Reilly Media}, 
year = {2001},
month = {Apr},
pages = {110-300}
}

%Conference
@conference {mr04,
author = {J. Dean and S. Ghemawat},
title = {MapReduce: Simplified Data Processing on Large Clusters{[C]}},
booktitle = {OSDI},
address = {San Francisco, CA, USA}, 
year = {2004}
}
@conference {hdfs10,
author = {Konstantin Shvachko and Hairong Kuang and Sanjay Radia  and Robert Chansler}, 
title = {The Hadoop Distributed File System{[C]}},
booktitle = {MSST},
address = {Incline Village, NV}, 
year = {2010}
}
@conference {dremel,
author = {Sergey Melnik and Andrey Gubarev and Jing Jing Long and Geoffrey Romer and Shiva Shivakumar and Matt Tolton and Theo Vassilakis},
title = {Dremel: Interactive Analysis of Web-Scale Datasets{[C]}},
booktitle = {VLDB},
address = {Singapore}, 
year = {2010}
}

%journal
@article {d3,
author = {Michael Bostock and Vadim Ogievetsky and Jeffrey Heer},
title = {D3: Data-Driven Documents{[J]}},
journal = {IEEE Transactions on Visualization and Computer Graphics archive},
year = {2011},
month = {Dec},
volume = {17},
number = {12},
pages = {2301-2309}
}
@article {haixin13,
author = {Haixin Ma and Weining Qian and Fan Xia and Xiaofeng He and Jun Xu and Aoying Zhou}, 
title = {Towards Modeling Popularity of Microblogs{[J]}},
journal = {Frontiers of Computer Science},
month = {Apr},
year = {2013},
volume = {7}, 
number = {2},
pages = {171-184}
}
@article {perception,
author = {William S. Clevelanda and Robert McGilla},
title = {Graphical Perception: Theory, Experimentation, and Application to the Development of Graphical Methods{[J]}}, 
journal = {Journal of the American Statistical Association},
year = {1984},
volume = {79}, 
number = {387},
pages = {531-554}
}
@article{ekman71,
author = {Paul Ekman and Wallace V Friesen},
title = {Constants across cultures in the face and emotion{[J]}},
journal = {Journal of Personality and Social Psychology},
month = {Feb},
year = {1971}, 
volume = {17},
number = {2},
pages = {124-129}
}
@article {gpoms11,
author = {J. Bollen and H. Mao and X.-J Zeng},
title = {Twitter mood predicts the stock market{[J]}},
journal = {Journal of Computational Science},
year = {2011}, 
volume = {2}, 
number = {1},
pages = {1-8}
} 
@article {zj05,
author = {{钟杰, 钱铭怡}},
title = {中文情绪形容词检测表的编制与信效度研究{[J]}},
journal = {《中国临床心理学杂志》},
year = {2005年}, 
volume = {第1期},
pages = {9-13页}
}

%web 
@misc {gct,
author = {Google},
title = {{Google Chart Tools}{[E]}},
howpublished = {\url{https://developers.google.com/chart/}},
month = {Mar},
year = {2012}
}
@misc {hashtag,
author = {Wikipedia},
title = {Hashtag{[E]}},
howpublished = {\url{http://en.wikipedia.org/wiki/Hashtag}}, 
month = {Apr}, 
year = {2013}
}
@misc {bigquery,
author = {Google},
title = {{Google BigQuery}{[E]}},
howpublished = {\url{https://developers.google.com/bigquery/}}, 
month = {Jan}, 
year = {2013}
}
@misc {json,
author = {Douglas Crockford},
title = {{The application/json Media Type for JavaScript Object Notation (JSON)}{[E]}}, 
howpublished =  {\url{http://www.ietf.org/rfc/rfc4627.txt?number=4627}}, 
month = {July}, 
year = {2006}
}

%report
@techreport {CN12,
author = {中国互联网络信息中心},
title = {第 29 次中国互联网络发展状况统计报告{[R]}},
institution = {中国互联网络信息中心},
year = {2012},
month = {Jan}
}





